<?xml version="1.0" encoding="UTF-8"?><record xmlns="http://www.loc.gov/MARC21/slim" xmlns:cinclude="http://apache.org/cocoon/include/1.0" xmlns:zs="http://www.loc.gov/zing/srw/">
  <leader>00420cz  a2200133n  4500</leader>
  <controlfield tag="001">n 2009006894</controlfield>
  <controlfield tag="003">DLC</controlfield>
  <controlfield tag="005">20090204081625.0</controlfield>
  <controlfield tag="008">090203n| acannaabn          |a ana      </controlfield>
  <datafield tag="010" ind1=" " ind2=" ">
    <subfield code="a">n 2009006894</subfield>
  </datafield>
  <datafield tag="040" ind1=" " ind2=" ">
    <subfield code="a">DLC</subfield>
    <subfield code="b">eng</subfield>
    <subfield code="c">DLC</subfield>
  </datafield>
  <datafield tag="130" ind1=" " ind2="0">
    <subfield code="a">Tipiṭaka.</subfield>
    <subfield code="p">Suttapiṭaka.</subfield>
    <subfield code="p">Dīghanikāya.</subfield>
    <subfield code="p">Catuṣpariṣatsūtra</subfield>
  </datafield>
  <datafield tag="430" ind1=" " ind2="0">
    <subfield code="a">Catuṣpariṣatsūtra</subfield>
  </datafield>
  <datafield tag="670" ind1=" " ind2=" ">
    <subfield code="a">Dišastvustik. German &amp; Uighur. Selections. Ṭišastvustik, 1970.</subfield>
  </datafield>
</record>